@book{Nguyen2015Oct,
	author = {Nguyen, Thanh-Tung and Huu, Quynh Nguyen and Li, Mark Junjie},
	title = {{Forecasting Time Series Water Levels on Mekong River Using Machine Learning Models}},
	journal = {2015 Seventh International Conference on Knowledge and Systems Engineering (KSE)},
	year = {2015},
	month = {Oct},
	isbn = {978-1-4673-8013-3},
	publisher = {IEEE},
	doi = {10.1109/KSE.2015.53}
}