@book{JasonBrown,
	author = {Jason Brownlee},
	title = {Deep Learning for Time Series Forecasting - Predict the Future with MLPs,CNNs and LSTMs in Python},
	date = {2018},
	OPTpublisher = {Machine Learning Mastery},
	OPTurl = {https://machinelearningmastery.com/deep-learning-for-time-series-forecasting/},
	OPTurldate = {2 Jan 2019},
}
